%YAML 1.1
%TAG !u! tag:unity3d.com,2011:
--- !u!1 &1165057265168719147
GameObject:
  m_ObjectHideFlags: 0
  m_CorrespondingSourceObject: {fileID: 0}
  m_PrefabInstance: {fileID: 0}
  m_PrefabAsset: {fileID: 0}
  serializedVersion: 6
  m_Component:
  - component: {fileID: 4261003402447293093}
  m_Layer: 0
  m_Name: AimAtPoint
  m_TagString: Untagged
  m_Icon: {fileID: 0}
  m_NavMeshLayer: 0
  m_StaticEditorFlags: 0
  m_IsActive: 1
--- !u!4 &4261003402447293093
Transform:
  m_ObjectHideFlags: 0
  m_CorrespondingSourceObject: {fileID: 0}
  m_PrefabInstance: {fileID: 0}
  m_PrefabAsset: {fileID: 0}
  m_GameObject: {fileID: 1165057265168719147}
  m_LocalRotation: {x: -0, y: -0, z: -0, w: 1}
  m_LocalPosition: {x: 0, y: 0, z: -0}
  m_LocalScale: {x: 1, y: 1, z: 1}
  m_Children: []
  m_Father: {fileID: 4562416313183327495}
  m_RootOrder: 2
  m_LocalEulerAnglesHint: {x: 0, y: 0, z: 0}
--- !u!1 &1348429166503702322
GameObject:
  m_ObjectHideFlags: 0
  m_CorrespondingSourceObject: {fileID: 0}
  m_PrefabInstance: {fileID: 0}
  m_PrefabAsset: {fileID: 0}
  serializedVersion: 6
  m_Component:
  - component: {fileID: 4562416313183327495}
  - component: {fileID: 7596527952307447688}
  - component: {fileID: 3870094977130972329}
  - component: {fileID: -6292951643145213523}
  - component: {fileID: 3810807051253145843}
  - component: {fileID: -6457965047178641359}
  - component: {fileID: 3330645718919431079}
  - component: {fileID: 2916075050746272073}
  - component: {fileID: 3617332387392521514}
  - component: {fileID: 760977183795952023}
  - component: {fileID: 6715093925341649267}
  - component: {fileID: 5317219999945444092}
  - component: {fileID: 8247032477309480236}
  m_Layer: 0
  m_Name: Unit
  m_TagString: Untagged
  m_Icon: {fileID: 0}
  m_NavMeshLayer: 0
  m_StaticEditorFlags: 0
  m_IsActive: 1
--- !u!4 &4562416313183327495
Transform:
  m_ObjectHideFlags: 0
  m_CorrespondingSourceObject: {fileID: 0}
  m_PrefabInstance: {fileID: 0}
  m_PrefabAsset: {fileID: 0}
  m_GameObject: {fileID: 1348429166503702322}
  m_LocalRotation: {x: 0, y: 0, z: 0, w: 1}
  m_LocalPosition: {x: -0.015153408, y: 3.5248394, z: -13.24}
  m_LocalScale: {x: 1, y: 1, z: 1}
  m_Children:
  - {fileID: 1564820737084236357}
  - {fileID: 3600517270285408120}
  - {fileID: 4261003402447293093}
  - {fileID: 2933356363140174657}
  - {fileID: 2672286565913989560}
  m_Father: {fileID: 0}
  m_RootOrder: 0
  m_LocalEulerAnglesHint: {x: 0, y: 0, z: 0}
--- !u!114 &7596527952307447688
MonoBehaviour:
  m_ObjectHideFlags: 0
  m_CorrespondingSourceObject: {fileID: 0}
  m_PrefabInstance: {fileID: 0}
  m_PrefabAsset: {fileID: 0}
  m_GameObject: {fileID: 1348429166503702322}
  m_Enabled: 1
  m_EditorHideFlags: 0
  m_Script: {fileID: 11500000, guid: 9b91ecbcc199f4492b9a91e820070131, type: 3}
  m_Name: 
  m_EditorClassIdentifier: 
  sceneId: 0
  serverOnly: 0
  visible: 0
  m_AssetId: 541f9023267724c68afca42da5eb325d
  hasSpawned: 0
--- !u!114 &3870094977130972329
MonoBehaviour:
  m_ObjectHideFlags: 0
  m_CorrespondingSourceObject: {fileID: 0}
  m_PrefabInstance: {fileID: 0}
  m_PrefabAsset: {fileID: 0}
  m_GameObject: {fileID: 1348429166503702322}
  m_Enabled: 1
  m_EditorHideFlags: 0
  m_Script: {fileID: 11500000, guid: 262a33d371738498d98be1a23b9a097e, type: 3}
  m_Name: 
  m_EditorClassIdentifier: 
  syncMode: 0
  syncInterval: 0.1
--- !u!114 &-6292951643145213523
MonoBehaviour:
  m_ObjectHideFlags: 0
  m_CorrespondingSourceObject: {fileID: 0}
  m_PrefabInstance: {fileID: 0}
  m_PrefabAsset: {fileID: 0}
  m_GameObject: {fileID: 1348429166503702322}
  m_Enabled: 1
  m_EditorHideFlags: 0
  m_Script: {fileID: 11500000, guid: 1e0d94fc3bc4d48049c555e7fbb8e627, type: 3}
  m_Name: 
  m_EditorClassIdentifier: 
  syncMode: 0
  syncInterval: 0.1
  navMeshAgent: {fileID: 3810807051253145843}
  targeter: {fileID: 760977183795952023}
  chaseRange: 10
--- !u!195 &3810807051253145843
NavMeshAgent:
  m_ObjectHideFlags: 0
  m_CorrespondingSourceObject: {fileID: 0}
  m_PrefabInstance: {fileID: 0}
  m_PrefabAsset: {fileID: 0}
  m_GameObject: {fileID: 1348429166503702322}
  m_Enabled: 1
  m_AgentTypeID: 0
  m_Radius: 1.5
  m_Speed: 3.5
  m_Acceleration: 8
  avoidancePriority: 50
  m_AngularSpeed: 150
  m_StoppingDistance: 1.5
  m_AutoTraverseOffMeshLink: 1
  m_AutoBraking: 1
  m_AutoRepath: 1
  m_Height: 2
  m_BaseOffset: 1
  m_WalkableMask: 4294967295
  m_ObstacleAvoidanceType: 4
--- !u!114 &-6457965047178641359
MonoBehaviour:
  m_ObjectHideFlags: 0
  m_CorrespondingSourceObject: {fileID: 0}
  m_PrefabInstance: {fileID: 0}
  m_PrefabAsset: {fileID: 0}
  m_GameObject: {fileID: 1348429166503702322}
  m_Enabled: 1
  m_EditorHideFlags: 0
  m_Script: {fileID: 11500000, guid: 2f74aedd71d9a4f55b3ce499326d45fb, type: 3}
  m_Name: 
  m_EditorClassIdentifier: 
  syncMode: 0
  syncInterval: 0.1
  clientAuthority: 0
  sendInterval: 0.05
  syncPosition: 1
  syncRotation: 1
  syncScale: 0
  interpolatePosition: 1
  interpolateRotation: 1
  interpolateScale: 0
  bufferTimeMultiplier: 1
  bufferSizeLimit: 64
  catchupThreshold: 4
  catchupMultiplier: 0.1
  onlySyncOnChange: 1
  bufferResetMultiplier: 5
  positionSensitivity: 0.01
  rotationSensitivity: 0.01
  scaleSensitivity: 0.01
  showGizmos: 0
  showOverlay: 0
  overlayColor: {r: 0, g: 0, b: 0, a: 0.5}
--- !u!114 &3330645718919431079
MonoBehaviour:
  m_ObjectHideFlags: 0
  m_CorrespondingSourceObject: {fileID: 0}
  m_PrefabInstance: {fileID: 0}
  m_PrefabAsset: {fileID: 0}
  m_GameObject: {fileID: 1348429166503702322}
  m_Enabled: 1
  m_EditorHideFlags: 0
  m_Script: {fileID: 11500000, guid: 06554ddba445b41379ca7627a2837602, type: 3}
  m_Name: 
  m_EditorClassIdentifier: 
  syncMode: 0
  syncInterval: 0.1
  unitMovement: {fileID: -6292951643145213523}
  onSelected:
    m_PersistentCalls:
      m_Calls:
      - m_Target: {fileID: 5801471034789722467}
        m_TargetAssemblyTypeName: UnityEngine.Renderer, UnityEngine
        m_MethodName: set_enabled
        m_Mode: 6
        m_Arguments:
          m_ObjectArgument: {fileID: 0}
          m_ObjectArgumentAssemblyTypeName: UnityEngine.Object, UnityEngine
          m_IntArgument: 0
          m_FloatArgument: 0
          m_StringArgument: 
          m_BoolArgument: 1
        m_CallState: 2
      - m_Target: {fileID: 6923995064147461742}
        m_TargetAssemblyTypeName: UnityEngine.GameObject, UnityEngine
        m_MethodName: SetActive
        m_Mode: 6
        m_Arguments:
          m_ObjectArgument: {fileID: 0}
          m_ObjectArgumentAssemblyTypeName: UnityEngine.Object, UnityEngine
          m_IntArgument: 0
          m_FloatArgument: 0
          m_StringArgument: 
          m_BoolArgument: 1
        m_CallState: 2
  onDeselected:
    m_PersistentCalls:
      m_Calls:
      - m_Target: {fileID: 5801471034789722467}
        m_TargetAssemblyTypeName: UnityEngine.Renderer, UnityEngine
        m_MethodName: set_enabled
        m_Mode: 6
        m_Arguments:
          m_ObjectArgument: {fileID: 0}
          m_ObjectArgumentAssemblyTypeName: UnityEngine.Object, UnityEngine
          m_IntArgument: 0
          m_FloatArgument: 0
          m_StringArgument: 
          m_BoolArgument: 0
        m_CallState: 2
      - m_Target: {fileID: 6923995064147461742}
        m_TargetAssemblyTypeName: UnityEngine.GameObject, UnityEngine
        m_MethodName: SetActive
        m_Mode: 6
        m_Arguments:
          m_ObjectArgument: {fileID: 0}
          m_ObjectArgumentAssemblyTypeName: UnityEngine.Object, UnityEngine
          m_IntArgument: 0
          m_FloatArgument: 0
          m_StringArgument: 
          m_BoolArgument: 0
        m_CallState: 2
  targeter: {fileID: 760977183795952023}
--- !u!65 &2916075050746272073
BoxCollider:
  m_ObjectHideFlags: 0
  m_CorrespondingSourceObject: {fileID: 0}
  m_PrefabInstance: {fileID: 0}
  m_PrefabAsset: {fileID: 0}
  m_GameObject: {fileID: 1348429166503702322}
  m_Material: {fileID: 0}
  m_IsTrigger: 1
  m_Enabled: 1
  serializedVersion: 2
  m_Size: {x: 2.76, y: 2.25, z: 2.56}
  m_Center: {x: 0, y: 0, z: 0}
--- !u!114 &3617332387392521514
MonoBehaviour:
  m_ObjectHideFlags: 0
  m_CorrespondingSourceObject: {fileID: 0}
  m_PrefabInstance: {fileID: 0}
  m_PrefabAsset: {fileID: 0}
  m_GameObject: {fileID: 1348429166503702322}
  m_Enabled: 1
  m_EditorHideFlags: 0
  m_Script: {fileID: 11500000, guid: 42efb8c30425242608d705dbfb371962, type: 3}
  m_Name: 
  m_EditorClassIdentifier: 
  syncMode: 0
  syncInterval: 0.1
  aimAtPoint: {fileID: 4261003402447293093}
--- !u!114 &760977183795952023
MonoBehaviour:
  m_ObjectHideFlags: 0
  m_CorrespondingSourceObject: {fileID: 0}
  m_PrefabInstance: {fileID: 0}
  m_PrefabAsset: {fileID: 0}
  m_GameObject: {fileID: 1348429166503702322}
  m_Enabled: 1
  m_EditorHideFlags: 0
  m_Script: {fileID: 11500000, guid: e2ce2fee0d1b047d68123e0e83bb2f41, type: 3}
  m_Name: 
  m_EditorClassIdentifier: 
  syncMode: 0
  syncInterval: 0.1
  target: {fileID: 0}
--- !u!114 &6715093925341649267
MonoBehaviour:
  m_ObjectHideFlags: 0
  m_CorrespondingSourceObject: {fileID: 0}
  m_PrefabInstance: {fileID: 0}
  m_PrefabAsset: {fileID: 0}
  m_GameObject: {fileID: 1348429166503702322}
  m_Enabled: 1
  m_EditorHideFlags: 0
  m_Script: {fileID: 11500000, guid: e7406e5408c097941a6292b18d5e81a2, type: 3}
  m_Name: 
  m_EditorClassIdentifier: 
  syncMode: 0
  syncInterval: 0.1
  targeter: {fileID: 760977183795952023}
  projectilePrefab: {fileID: 7969537471582916837, guid: 6618e65840d666a48bacf9df88824053, type: 3}
  projectileSpawnPoint: {fileID: 2933356363140174657}
  attackRange: 11
  fireRate: 1
  rotationSpeed: 100
--- !u!114 &5317219999945444092
MonoBehaviour:
  m_ObjectHideFlags: 0
  m_CorrespondingSourceObject: {fileID: 0}
  m_PrefabInstance: {fileID: 0}
  m_PrefabAsset: {fileID: 0}
  m_GameObject: {fileID: 1348429166503702322}
  m_Enabled: 1
  m_EditorHideFlags: 0
  m_Script: {fileID: 11500000, guid: 3dbfc3e64a0fad040b606c82a302dbc0, type: 3}
  m_Name: 
  m_EditorClassIdentifier: 
  syncMode: 0
  syncInterval: 0.1
  maxHealth: 100
--- !u!114 &8247032477309480236
MonoBehaviour:
  m_ObjectHideFlags: 0
  m_CorrespondingSourceObject: {fileID: 0}
  m_PrefabInstance: {fileID: 0}
  m_PrefabAsset: {fileID: 0}
  m_GameObject: {fileID: 1348429166503702322}
  m_Enabled: 1
  m_EditorHideFlags: 0
  m_Script: {fileID: 11500000, guid: 03853edc10180434d908e1313e3bd3f7, type: 3}
  m_Name: 
  m_EditorClassIdentifier: 
  health: {fileID: 5317219999945444092}
  healthBarParent: {fileID: 355213191594062852}
  healthBarImage: {fileID: 7803164831816678982}
--- !u!1 &5772745958034496420
GameObject:
  m_ObjectHideFlags: 0
  m_CorrespondingSourceObject: {fileID: 0}
  m_PrefabInstance: {fileID: 0}
  m_PrefabAsset: {fileID: 0}
  serializedVersion: 6
  m_Component:
  - component: {fileID: 2933356363140174657}
  m_Layer: 0
  m_Name: Muzzle
  m_TagString: Untagged
  m_Icon: {fileID: 0}
  m_NavMeshLayer: 0
  m_StaticEditorFlags: 0
  m_IsActive: 1
--- !u!4 &2933356363140174657
Transform:
  m_ObjectHideFlags: 0
  m_CorrespondingSourceObject: {fileID: 0}
  m_PrefabInstance: {fileID: 0}
  m_PrefabAsset: {fileID: 0}
  m_GameObject: {fileID: 5772745958034496420}
  m_LocalRotation: {x: -0, y: -0, z: -0, w: 1}
  m_LocalPosition: {x: 0.041, y: 0.49, z: 2.47}
  m_LocalScale: {x: 1, y: 1, z: 1}
  m_Children: []
  m_Father: {fileID: 4562416313183327495}
  m_RootOrder: 3
  m_LocalEulerAnglesHint: {x: 0, y: 0, z: 0}
--- !u!1 &6923995064147461742
GameObject:
  m_ObjectHideFlags: 0
  m_CorrespondingSourceObject: {fileID: 0}
  m_PrefabInstance: {fileID: 0}
  m_PrefabAsset: {fileID: 0}
  serializedVersion: 6
  m_Component:
  - component: {fileID: 3600517270285408120}
  - component: {fileID: 5801471034789722467}
  m_Layer: 0
  m_Name: SelectedHighlight
  m_TagString: Untagged
  m_Icon: {fileID: 0}
  m_NavMeshLayer: 0
  m_StaticEditorFlags: 0
  m_IsActive: 1
--- !u!4 &3600517270285408120
Transform:
  m_ObjectHideFlags: 0
  m_CorrespondingSourceObject: {fileID: 0}
  m_PrefabInstance: {fileID: 0}
  m_PrefabAsset: {fileID: 0}
  m_GameObject: {fileID: 6923995064147461742}
  m_LocalRotation: {x: 0.7071068, y: 0, z: 0, w: 0.7071068}
  m_LocalPosition: {x: 0, y: -1.071, z: 0.011}
  m_LocalScale: {x: 3, y: 3, z: 1}
  m_Children: []
  m_Father: {fileID: 4562416313183327495}
  m_RootOrder: 1
  m_LocalEulerAnglesHint: {x: 90, y: 0, z: 0}
--- !u!212 &5801471034789722467
SpriteRenderer:
  m_ObjectHideFlags: 0
  m_CorrespondingSourceObject: {fileID: 0}
  m_PrefabInstance: {fileID: 0}
  m_PrefabAsset: {fileID: 0}
  m_GameObject: {fileID: 6923995064147461742}
  m_Enabled: 0
  m_CastShadows: 0
  m_ReceiveShadows: 0
  m_DynamicOccludee: 1
  m_MotionVectors: 1
  m_LightProbeUsage: 1
  m_ReflectionProbeUsage: 1
  m_RayTracingMode: 0
  m_RayTraceProcedural: 0
  m_RenderingLayerMask: 1
  m_RendererPriority: 0
  m_Materials:
  - {fileID: 10754, guid: 0000000000000000f000000000000000, type: 0}
  m_StaticBatchInfo:
    firstSubMesh: 0
    subMeshCount: 0
  m_StaticBatchRoot: {fileID: 0}
  m_ProbeAnchor: {fileID: 0}
  m_LightProbeVolumeOverride: {fileID: 0}
  m_ScaleInLightmap: 1
  m_ReceiveGI: 1
  m_PreserveUVs: 0
  m_IgnoreNormalsForChartDetection: 0
  m_ImportantGI: 0
  m_StitchLightmapSeams: 1
  m_SelectedEditorRenderState: 0
  m_MinimumChartSize: 4
  m_AutoUVMaxDistance: 0.5
  m_AutoUVMaxAngle: 89
  m_LightmapParameters: {fileID: 0}
  m_SortingLayerID: 0
  m_SortingLayer: 0
  m_SortingOrder: 0
  m_Sprite: {fileID: -2413806693520163455, guid: 31e47e4094d3d41dcbcd2b7a293bee56, type: 3}
  m_Color: {r: 0, g: 1, b: 0.010734558, a: 1}
  m_FlipX: 0
  m_FlipY: 0
  m_DrawMode: 0
  m_Size: {x: 1, y: 1}
  m_AdaptiveModeThreshold: 0.5
  m_SpriteTileMode: 0
  m_WasSpriteAssigned: 1
  m_MaskInteraction: 0
  m_SpriteSortPoint: 0
--- !u!1001 &1314458824155809198
PrefabInstance:
  m_ObjectHideFlags: 0
  serializedVersion: 2
  m_Modification:
    m_TransformParent: {fileID: 4562416313183327495}
    m_Modifications:
    - target: {fileID: -8679921383154817045, guid: 8bb220b3920a94432a0af124aadbd95f, type: 3}
      propertyPath: m_RootOrder
      value: 0
      objectReference: {fileID: 0}
    - target: {fileID: -8679921383154817045, guid: 8bb220b3920a94432a0af124aadbd95f, type: 3}
      propertyPath: m_LocalScale.y
      value: 64.47916
      objectReference: {fileID: 0}
    - target: {fileID: -8679921383154817045, guid: 8bb220b3920a94432a0af124aadbd95f, type: 3}
      propertyPath: m_LocalScale.z
      value: 19.866941
      objectReference: {fileID: 0}
    - target: {fileID: -8679921383154817045, guid: 8bb220b3920a94432a0af124aadbd95f, type: 3}
      propertyPath: m_LocalPosition.x
      value: 0.0002822876
      objectReference: {fileID: 0}
    - target: {fileID: -8679921383154817045, guid: 8bb220b3920a94432a0af124aadbd95f, type: 3}
      propertyPath: m_LocalPosition.y
      value: -1.11
      objectReference: {fileID: 0}
    - target: {fileID: -8679921383154817045, guid: 8bb220b3920a94432a0af124aadbd95f, type: 3}
      propertyPath: m_LocalPosition.z
      value: -0.04
      objectReference: {fileID: 0}
    - target: {fileID: -8679921383154817045, guid: 8bb220b3920a94432a0af124aadbd95f, type: 3}
      propertyPath: m_LocalRotation.w
      value: 0.7071067
      objectReference: {fileID: 0}
    - target: {fileID: -8679921383154817045, guid: 8bb220b3920a94432a0af124aadbd95f, type: 3}
      propertyPath: m_LocalRotation.x
      value: -0.7071068
      objectReference: {fileID: 0}
    - target: {fileID: -8679921383154817045, guid: 8bb220b3920a94432a0af124aadbd95f, type: 3}
      propertyPath: m_LocalRotation.y
      value: -0
      objectReference: {fileID: 0}
    - target: {fileID: -8679921383154817045, guid: 8bb220b3920a94432a0af124aadbd95f, type: 3}
      propertyPath: m_LocalRotation.z
      value: -0
      objectReference: {fileID: 0}
    - target: {fileID: -8679921383154817045, guid: 8bb220b3920a94432a0af124aadbd95f, type: 3}
      propertyPath: m_LocalEulerAnglesHint.x
      value: 0
      objectReference: {fileID: 0}
    - target: {fileID: -8679921383154817045, guid: 8bb220b3920a94432a0af124aadbd95f, type: 3}
      propertyPath: m_LocalEulerAnglesHint.y
      value: 0
      objectReference: {fileID: 0}
    - target: {fileID: -8679921383154817045, guid: 8bb220b3920a94432a0af124aadbd95f, type: 3}
      propertyPath: m_LocalEulerAnglesHint.z
      value: 0
      objectReference: {fileID: 0}
    - target: {fileID: 919132149155446097, guid: 8bb220b3920a94432a0af124aadbd95f, type: 3}
      propertyPath: m_Name
      value: tank with lazer cannon
      objectReference: {fileID: 0}
    m_RemovedComponents: []
  m_SourcePrefab: {fileID: 100100000, guid: 8bb220b3920a94432a0af124aadbd95f, type: 3}
--- !u!4 &1564820737084236357 stripped
Transform:
  m_CorrespondingSourceObject: {fileID: -8679921383154817045, guid: 8bb220b3920a94432a0af124aadbd95f, type: 3}
  m_PrefabInstance: {fileID: 1314458824155809198}
  m_PrefabAsset: {fileID: 0}
--- !u!1001 &7024357204119303634
PrefabInstance:
  m_ObjectHideFlags: 0
  serializedVersion: 2
  m_Modification:
    m_TransformParent: {fileID: 4562416313183327495}
    m_Modifications:
    - target: {fileID: 4930977392939672682, guid: f92ea50e6d82dd347b1dcd81062350f6, type: 3}
      propertyPath: m_Pivot.x
      value: 0.5
      objectReference: {fileID: 0}
    - target: {fileID: 4930977392939672682, guid: f92ea50e6d82dd347b1dcd81062350f6, type: 3}
      propertyPath: m_Pivot.y
      value: 0.5
      objectReference: {fileID: 0}
    - target: {fileID: 4930977392939672682, guid: f92ea50e6d82dd347b1dcd81062350f6, type: 3}
      propertyPath: m_RootOrder
      value: 4
      objectReference: {fileID: 0}
    - target: {fileID: 4930977392939672682, guid: f92ea50e6d82dd347b1dcd81062350f6, type: 3}
      propertyPath: m_AnchorMax.x
      value: 0
      objectReference: {fileID: 0}
    - target: {fileID: 4930977392939672682, guid: f92ea50e6d82dd347b1dcd81062350f6, type: 3}
      propertyPath: m_AnchorMax.y
      value: 0
      objectReference: {fileID: 0}
    - target: {fileID: 4930977392939672682, guid: f92ea50e6d82dd347b1dcd81062350f6, type: 3}
      propertyPath: m_AnchorMin.x
      value: 0
      objectReference: {fileID: 0}
    - target: {fileID: 4930977392939672682, guid: f92ea50e6d82dd347b1dcd81062350f6, type: 3}
      propertyPath: m_AnchorMin.y
      value: 0
      objectReference: {fileID: 0}
    - target: {fileID: 4930977392939672682, guid: f92ea50e6d82dd347b1dcd81062350f6, type: 3}
      propertyPath: m_SizeDelta.x
      value: 2
      objectReference: {fileID: 0}
    - target: {fileID: 4930977392939672682, guid: f92ea50e6d82dd347b1dcd81062350f6, type: 3}
      propertyPath: m_SizeDelta.y
      value: 0.3
      objectReference: {fileID: 0}
    - target: {fileID: 4930977392939672682, guid: f92ea50e6d82dd347b1dcd81062350f6, type: 3}
      propertyPath: m_LocalPosition.x
      value: 0
      objectReference: {fileID: 0}
    - target: {fileID: 4930977392939672682, guid: f92ea50e6d82dd347b1dcd81062350f6, type: 3}
      propertyPath: m_LocalPosition.y
      value: 0
      objectReference: {fileID: 0}
    - target: {fileID: 4930977392939672682, guid: f92ea50e6d82dd347b1dcd81062350f6, type: 3}
      propertyPath: m_LocalPosition.z
      value: 0
      objectReference: {fileID: 0}
    - target: {fileID: 4930977392939672682, guid: f92ea50e6d82dd347b1dcd81062350f6, type: 3}
      propertyPath: m_LocalRotation.w
      value: 1
      objectReference: {fileID: 0}
    - target: {fileID: 4930977392939672682, guid: f92ea50e6d82dd347b1dcd81062350f6, type: 3}
      propertyPath: m_LocalRotation.x
      value: 0
      objectReference: {fileID: 0}
    - target: {fileID: 4930977392939672682, guid: f92ea50e6d82dd347b1dcd81062350f6, type: 3}
      propertyPath: m_LocalRotation.y
      value: 0
      objectReference: {fileID: 0}
    - target: {fileID: 4930977392939672682, guid: f92ea50e6d82dd347b1dcd81062350f6, type: 3}
      propertyPath: m_LocalRotation.z
      value: 0
      objectReference: {fileID: 0}
    - target: {fileID: 4930977392939672682, guid: f92ea50e6d82dd347b1dcd81062350f6, type: 3}
      propertyPath: m_AnchoredPosition.x
      value: 0
      objectReference: {fileID: 0}
    - target: {fileID: 4930977392939672682, guid: f92ea50e6d82dd347b1dcd81062350f6, type: 3}
      propertyPath: m_AnchoredPosition.y
      value: 1.604
      objectReference: {fileID: 0}
    - target: {fileID: 4930977392939672682, guid: f92ea50e6d82dd347b1dcd81062350f6, type: 3}
      propertyPath: m_LocalEulerAnglesHint.x
      value: 0
      objectReference: {fileID: 0}
    - target: {fileID: 4930977392939672682, guid: f92ea50e6d82dd347b1dcd81062350f6, type: 3}
      propertyPath: m_LocalEulerAnglesHint.y
      value: 0
      objectReference: {fileID: 0}
    - target: {fileID: 4930977392939672682, guid: f92ea50e6d82dd347b1dcd81062350f6, type: 3}
      propertyPath: m_LocalEulerAnglesHint.z
      value: 0
      objectReference: {fileID: 0}
    - target: {fileID: 7320178076099510742, guid: f92ea50e6d82dd347b1dcd81062350f6, type: 3}
      propertyPath: m_Name
      value: HealthBarCanvas
      objectReference: {fileID: 0}
    - target: {fileID: 7320178076099510742, guid: f92ea50e6d82dd347b1dcd81062350f6, type: 3}
      propertyPath: m_IsActive
      value: 0
      objectReference: {fileID: 0}
    m_RemovedComponents: []
  m_SourcePrefab: {fileID: 100100000, guid: f92ea50e6d82dd347b1dcd81062350f6, type: 3}
--- !u!1 &355213191594062852 stripped
GameObject:
  m_CorrespondingSourceObject: {fileID: 7320178076099510742, guid: f92ea50e6d82dd347b1dcd81062350f6, type: 3}
  m_PrefabInstance: {fileID: 7024357204119303634}
  m_PrefabAsset: {fileID: 0}
--- !u!224 &2672286565913989560 stripped
RectTransform:
  m_CorrespondingSourceObject: {fileID: 4930977392939672682, guid: f92ea50e6d82dd347b1dcd81062350f6, type: 3}
  m_PrefabInstance: {fileID: 7024357204119303634}
  m_PrefabAsset: {fileID: 0}
--- !u!114 &7803164831816678982 stripped
MonoBehaviour:
  m_CorrespondingSourceObject: {fileID: 950803484397816724, guid: f92ea50e6d82dd347b1dcd81062350f6, type: 3}
  m_PrefabInstance: {fileID: 7024357204119303634}
  m_PrefabAsset: {fileID: 0}
  m_GameObject: {fileID: 0}
  m_Enabled: 1
  m_EditorHideFlags: 0
  m_Script: {fileID: 11500000, guid: fe87c0e1cc204ed48ad3b37840f39efc, type: 3}
  m_Name: 
  m_EditorClassIdentifier: 
